@misc{SR,
	author = {{Aruna Rubasinghe}},
	title = {Use an op amp as a set/reset flip-flop},
	url = {https://www.edn.com/use-an-op-amp-as-a-set-reset-flip-flop/},
	year = {2012}
}