

@misc{WebsiteOpAmp,
author = {{BBC}},
title = {How to make opamps amp op},
url = {www.electronics-tutorials.ws},
year = {2018}
}


@misc{NData,
author = {{ON Semiconductor}},
title = {2N7000 / 2N7002 / NDS7002A
N-Channel Enhancement Mode Field Effect Transistor},
url = {https://learn.sun.ac.za/pluginfile.php/2876543/mod_resource/content/0/2N7000.pdf},
year = {2015}
}
@misc{LED,
author = {{CREE}},
title = {CreeÂ® 5-mm Round LED 
C503D-WAN},
url = {https://learn.sun.ac.za/pluginfile.php/2893565/mod_resource/content/0/Cree%205%20mm%20Round%20LED%20-%20Cool%20White.pdf},
year = {2011}
}

@misc{utube,
author = {{Robert Smogashbord}},
title = {Current Sense Amplifiers (1/2): Why not to use an OpAmp (CMRR etc.)},
url = {https://www.youtube.com/watch?v=oQrWR6Vbb6M&list=LL&index=2},
year = {2018}
}
@misc{lowpass,
author = {{Learning About Electronics}},
title = {Low Pass Filter Calculator},
url = {http://www.learningaboutelectronics.com/Articles/Low-pass-filter-calculator.php#answer1},
year = {2018 }
}

@misc{MCP,
author = {{ Microchip Technology}},
title = {MCP6241/1R/1U/2/4},
url = {https://learn.sun.ac.za/pluginfile.php/2893569/mod_resource/content/0/MCP6241.pdf},
year = {2008}
}